<?xml version="1.0" encoding="UTF-8"?><record xmlns="http://www.loc.gov/MARC21/slim" xmlns:cinclude="http://apache.org/cocoon/include/1.0" xmlns:zs="http://www.loc.gov/zing/srw/">
  <leader>00641cz  a2200145n  4500</leader>
  <controlfield tag="001">n  87874747 </controlfield>
  <controlfield tag="003">DLC</controlfield>
  <controlfield tag="005">20120808082743.0</controlfield>
  <controlfield tag="008">881209n| acannaab           |a ana      </controlfield>
  <datafield tag="010" ind1=" " ind2=" ">
    <subfield code="a">n  87874747 </subfield>
  </datafield>
  <datafield tag="040" ind1=" " ind2=" ">
    <subfield code="a">DLC</subfield>
    <subfield code="b">eng</subfield>
    <subfield code="c">DLC</subfield>
    <subfield code="d">DLC</subfield>
  </datafield>
  <datafield tag="111" ind1="2" ind2=" ">
    <subfield code="a">Sahoe Pojang Yŏnʼguja Tae Tʻoronhoe</subfield>
  </datafield>
  <datafield tag="411" ind1="2" ind2=" ">
    <subfield code="a">Social Security Scholars Seminar</subfield>
  </datafield>
  <datafield tag="667" ind1=" " ind2=" ">
    <subfield code="a">THIS 1XX FIELD CANNOT BE USED UNDER RDA UNTIL THIS RECORD HAS BEEN REVIEWED AND/OR UPDATED</subfield>
  </datafield>
  <datafield tag="670" ind1=" " ind2=" ">
    <subfield code="a">Its (4th : 1985 : Seoul, Korea). Ŭiryo pohŏm muŏt inʼga, 1986:</subfield>
    <subfield code="b">t.p. (Sahoe Pojang Yŏnʼguja Tae Tʻoronhoe; 4th; 4th Social Security Scholars Seminar) p. 125 (held 11/27/85 in Seoul, Korea)</subfield>
  </datafield>
</record>